@online{sparkfun_spi,
    author = {Mike Grusin},
    title = {Serial Peripheral Interface (SPI)},
    url = {https://learn.sparkfun.com/tutorials/serial-peripheral-interface-spi/}
}
@online{wikipedia_spi,
    author = {Wikimedia Foundation},
    title = {Serial Peripheral Interface},
    url = {https://en.wikipedia.org/wiki/Serial_Peripheral_Interface}
}
@online{corelis_spi,
    author = {Corelis},
    title = {SPI Tutorial},
    url = {https://www.corelis.com/education/tutorials/spi-tutorial/}
}
@online{exostiv_spi,
    author = {Exostiv Labs},
    title = {Introduction to I2C and SPI Protocols},
    url = {https://www.exostivlabs.com/files/documents/Introduction-to-I2C-and-SPI-Protocols.pdf?/article/aa-00255/22/introduction-to-spi-and-ic-protocols.html}
}
@online{ags_rfid,
    author = {Arduino Get Started},
    title = {Arduino RFID/NFC},
    url = {https://arduinogetstarted.com/tutorials/arduino-rfid-nfc}
}
@online{ags_connect_multiple_spi,
    author = {Arduino Get Started},
    title = {How to connect multiple spi sensors/devices with Arduino?},
    url = {https://arduinogetstarted.com/faq/how-to-connect-multiple-spi-sensors-devices-with-arduino}
}
@online{arduino_spi,
    author = {Arduino Foundation},
    title = {A Brief Introduction to the Serial Peripheral Interface},
    url = {https://www.arduino.cc/en/reference/SPI}
}
@online{zerynth_doit_esp32_reference,
    author = {Zerynth docs},
    title = {DOIT Esp32 DevKit v1 reference},
    url = {https://testzdoc.zerynth.com/reference/boards/doit_esp32/docs/}
}
@online{esp32io_rfid,
    author = {ESP32 IO},
    title = {ESP32 RFID/NFC},
    url = {https://esp32io.com/tutorials/esp32-rfid-nfc}
}
@online{instructable_esp32_rfid_access_control,
    author = {Fernando Koyanagi},
    title = {ESP32 With RFID: Access Control},
    url = {https://www.instructables.com/ESP32-With-RFID-Access-Control/}
}
@online{rnt_getting_started_esp32,
    author = {Random Nerd Tutorials},
    title = {Getting Started with the ESP32 Development Board},
    url = {https://randomnerdtutorials.com/getting-started-with-esp32/}
}
@online{rnt_esp32_pinout,
    author = {Random Nerd Tutorials},
    title = {ESP32 Pinout Reference: Which GPIO pins should you use?},
    url = {https://randomnerdtutorials.com/esp32-pinout-reference-gpios/}
}
@online{rnt_security_access_mfrc552_arduino,
    author = {Random Nerd Tutorials},
    title = {Security Access using MFRC522 RFID Reader with Arduino},
    url = {https://randomnerdtutorials.com/security-access-using-mfrc522-rfid-reader-with-arduino/}
}
@online{rnt_esp32_freeRTOS,
    author = {Random Nerd Tutorials},
    title = {How to use ESP32 Dual Core with Arduino IDE},
    url = {https://randomnerdtutorials.com/esp32-dual-core-arduino-ide/}
}
@online{wikipedia_rfid,

    author = {Wikimedia Foundation},
    title = {Radio-frequency identification},
    url = {https://en.wikipedia.org/wiki/Radio-frequency_identification}
}
@online{wikipedia_rfid_es,
    author = {Wikimedia Foundation},
    title = {RFID},
    url = {https://es.wikipedia.org/wiki/RFID}
}